<record><leader>00000cas a2200000 a 4500</leader><controlfield tag="001">14643364</controlfield><controlfield tag="008">861106d18411842wiuwr ne      0    0eng  </controlfield><datafield ind1=" " ind2=" " tag="010"><subfield code="a">sn 86072086 </subfield></datafield><datafield ind1=" " ind2=" " tag="040"><subfield code="a">DLC</subfield><subfield code="b">eng</subfield><subfield code="c">DLC</subfield><subfield code="d">NPV</subfield><subfield code="d">CUI</subfield><subfield code="d">OCLCQ</subfield><subfield code="d">OCLCF</subfield></datafield><datafield ind1="1" ind2=" " tag="029"><subfield code="a">AU@</subfield><subfield code="b">000025798040</subfield></datafield><datafield ind1=" " ind2=" " tag="042"><subfield code="a">pcc</subfield></datafield><datafield ind1=" " ind2=" " tag="043"><subfield code="a">n-us-wi</subfield></datafield><datafield ind1="0" ind2="0" tag="050"><subfield code="a">Newspaper 10264</subfield></datafield><datafield ind1=" " ind2="4" tag="050"><subfield code="a">AN</subfield></datafield><datafield ind1="0" ind2="0" tag="245"><subfield code="a">Milwaukie journal.</subfield></datafield><datafield ind1=" " ind2=" " tag="260"><subfield code="a">Milwaukie [i.e. Milwaukee, Wis.] :</subfield><subfield code="b">Elisha Starr,</subfield><subfield code="c">1841-</subfield></datafield><datafield ind1=" " ind2=" " tag="300"><subfield code="a">v.</subfield></datafield><datafield ind1=" " ind2=" " tag="310"><subfield code="a">Weekly</subfield></datafield><datafield ind1="0" ind2=" " tag="362"><subfield code="a">Vol. 1, no. 1 (Aug. 27, 1841)-</subfield></datafield><datafield ind1="1" ind2=" " tag="362"><subfield code="a">Ceased with Feb. 16, 1842 issue?</subfield></datafield><datafield ind1=" " ind2="0" tag="651"><subfield code="a">Milwaukee (Wis.)</subfield><subfield code="v">Newspapers.</subfield></datafield><datafield ind1=" " ind2="0" tag="651"><subfield code="a">Milwaukee County (Wis.)</subfield><subfield code="v">Newspapers.</subfield></datafield><datafield ind1=" " ind2="7" tag="655"><subfield code="a">Newspapers.</subfield><subfield code="2">fast</subfield><subfield code="0">(OCoLC)fst01423814</subfield></datafield><datafield ind1=" " ind2="7" tag="651"><subfield code="a">Wisconsin</subfield><subfield code="z">Milwaukee.</subfield><subfield code="2">fast</subfield><subfield code="0">(OCoLC)fst01206626</subfield></datafield><datafield ind1=" " ind2="7" tag="651"><subfield code="a">Wisconsin</subfield><subfield code="z">Milwaukee County.</subfield><subfield code="2">fast</subfield><subfield code="0">(OCoLC)fst01202910</subfield></datafield><datafield ind1=" " ind2=" " tag="752"><subfield code="a">United States</subfield><subfield code="b">Wisconsin</subfield><subfield code="c">Milwaukee</subfield><subfield code="d">Milwaukee.</subfield></datafield><datafield ind1=" " ind2=" " tag="752"><subfield code="a">United States</subfield><subfield code="b">Wisconsin</subfield><subfield code="c">Washington</subfield><subfield code="d">Milwaukee.</subfield></datafield><datafield ind1="0" ind2="8" tag="776"><subfield code="i">Online version:</subfield><subfield code="t">Milwaukie Journal (Online)</subfield><subfield code="w">(OCoLC)192107401</subfield></datafield><datafield ind1="0" ind2="0" tag="780"><subfield code="t">Tribune (Chicago, Ill. : 1840)</subfield><subfield code="w">(DLC)sn 82015545</subfield><subfield code="w">(OCoLC)2268709</subfield></datafield><datafield ind1="0" ind2="0" tag="785"><subfield code="t">Workingman's advocate (Milwaukee, Wis.)</subfield></datafield></record>